
@book{designPatterns,
  added-at = {2010-06-05T16:40:25.000+0200},
  asin = {0201633612},
  author = {Gamma, Erich and Helm, Richard and Johnson, Ralph and Vlissides, John M.},
  biburl = {https://www.bibsonomy.org/bibtex/27e3f1154ab1fbce54752a46dba7f2217/pnk},
  description = {Amazon.com: Design Patterns: Elements of Reusable Object-Oriented Software (9780201633610): Erich Gamma, Richard Helm, Ralph Johnson, John M. Vlissides: Books},
  dewey = {005.12},
  ean = {9780201633610},
  edition = 1,
  interhash = {7fe32957be97afaf4ecb38b5490d23b4},
  intrahash = {7e3f1154ab1fbce54752a46dba7f2217},
  isbn = {0201633612},
  keywords = {DBIS Design Object-Oriented Patterns SS2010 Seminar Software},
  publisher = {Addison-Wesley Professional},
  timestamp = {2010-06-05T16:40:25.000+0200},
  title = {Design Patterns: Elements of Reusable Object-Oriented Software},
  url = {http://www.amazon.com/Design-Patterns-Elements-Reusable-Object-Oriented/dp/0201633612/ref=ntt_at_ep_dpi_1},
  year = 1994
}

@misc{agile,
  author          = {Trends and Technology},
  title           = {What is agile development},
  year            = {2019},
  url             = {https://www.tnt.co.th/news/162-agile-framework-working-principle-for-modern-company},
}

@misc{srcum,
  author          = {Thanyavuth Akarasomcheep},
  title           = {What is scrum},
  year            = {2018},
  url             = {https://medium.com/fastwork-engineering/scrum-%E0%B8%84%E0%B8%B7%E0%B8%AD%E0%B8%AD%E0%B8%B0%E0%B9%84%E0%B8%A3-%E0%B9%80%E0%B8%A3%E0%B8%B4%E0%B9%88%E0%B8%A1%E0%B9%83%E0%B8%8A%E0%B9%89%E0%B8%87%E0%B8%B2%E0%B8%99%E0%B8%AD%E0%B8%A2%E0%B9%88%E0%B8%B2%E0%B8%87%E0%B9%84%E0%B8%A3-2483e761a47e},
}

@misc{MongoDB,
  author          = {Chai Phonbopit},
  title           = {What is MongoDB},
  year            = {2015},
  url             = {https://devahoy.com/blog/2015/08/getting-started-with-mongodb/},
}

@misc{Microservice,
  author          = {Sakul Montha},
  title           = {หลัก 6 ประการของ Microservice},
  year            = {2019},
  url             = {https://medium.com/@iamgique/%E0%B8%AB%E0%B8%A5%E0%B8%B1%E0%B8%81-6-%E0%B8%9B%E0%B8%A3%E0%B8%B0%E0%B8%81%E0%B8%B2%E0%B8%A3%E0%B8%82%E0%B8%AD%E0%B8%87-microservice-f13f4b82a169},
}

@misc{Client-Server,
  author       = {บริษัท สยามเน็ทเวอร์ค แอนด์ คอมพิวเตอร์ จำกัด},
  title        = {Client/Server},
  year         = {2019},
  url          = {https://www.snc.co.th/misc/Detail/111211},

}

@misc{AdobeXD,
  author       = {Inthanon Panyasopa},
  title        = {Adobe XD},
  year         = {2020},
  url          = {https://www.grappik.com/inside-adobe-xd},
}

@misc{React,
  author       = {designil},
  title        = {What is React},
  year         = {2017},
  url          = {https://www.designil.com/react-คืออะไร.html},
}

@misc{Redux,
  author       = {Chai Phonbopit},
  title        = {What is Redux},
  year         = {2018},
  url          = {https://devahoy.com/blog/2018/07/introduction-to-redux/},
}

@misc{NodeJs,
  author       = {Settawat Janpuk},
  title        = {[Beginner] Node.js},
  year         = {2018},
  url          = {https://medium.com/@settawatjanpuk/https-medium-com-settawatjanpuk-beginner-node-js-970383cc6e3a},
}

@misc{Express,
  author          = {aofleejay},
  title           = {สร้าง RESTful API ด้วย Express},
  year            = {2017},
  url             = {https://medium.com/@aofleejay/สร้าง-restful-api-ด้วย-express-express-101-ee37cc4952b4},
}





